@online{mobilehistory,
	Author = {Gardner-Stephens, P.},
	Title = {The History of Mobile Operating Systems},
	Publisher = {Fahrplan Events Germany},
	Month = {4},
	Year = {2019},
	Url = {https://media.ccc.de/v/Camp2019-10378-fully_open_fully_sovereign_mobile_devices},
	addendum = "(accessed: 14.04.2020)"
	}

@misc{mega65,
url={http://mega65.org/},
year={2020},
author={MEGA65},
title={MEGA65 - (Most Probably) The Best Computer}
}

@online{incldesign,
	Author = {A.F. Newel and P. Gregor and M. Morgan and G. Pullin and C. Macaulay},
	Title = {User-Sensitive Inclusive Design},
	Publisher = {Univ Access Inf Soc 10},
	Month = {8},
	Year = {2011},
	Url = {https://link.springer.com/article/10.1007/s10209-010-0203-y},
	addendum = "(accessed: 17.04.2020)"
	}

@article{sevenprinciples,
  title={Maximizing Usability: The Principles of Universal Design, Assistive Technology},
  author={Story, M.F.},
  journal={Center for Universal Design},
  pages={10:1, 4-12},
  year={1998},
}

@article{nda,
  title={UN Convention on the Rights of Persons with Disabilities and Council of Europe Disability Action Plan},
  journal={IEEE Journal of Solid-State Circuits},
  year={undated},
  publisher={National Disability Authority}
}

@article{accessible,
  title={Universal design: is it accessible?},
  author={Bringolf, J.},
  journal={Multi: The Journal of Plurality and Diversity in Design, 1(2)},
  year={2008},
}

@article{cellphone,
  title={The technology in your cell phone wasn't invented for you},
  author={Law, C.},
  journal={Communications, Policy and Research Forum, Sydney, Australia},
  year={2006},
}

@online{ronald,
	Title = {About the Center: Ronald L. Mace},
	Publisher = {The Center for Universal Design},
	Year = {2008},
	Url = {https://projects.ncsu.edu/ncsu/design/cud/about_us/usronmace.htm},
	addendum = "(accessed: 10.11.2020)"
	}

@article{universalfile,
  title={The universal design file: Designing for people of all ages and abilities},
  author={Story M.F., et al.},
  publisher={The Center for Universal Design},
  year={1998},
}

@online{iphone,
	Title = {iPhone Accessibility},
	Publisher = {Apple},
	Year = {2020},
	Url = {https://www.apple.com/au/accessibility/iphone/vision/},
	addendum = "(accessed: 15.09.2020)"
	}

@online{iphonedev,
	Title = {Accessibility on iOS},
	Publisher = {Apple},
	Year = {2020},
	Url = {https://developer.apple.com/accessibility/ios/},
	addendum = "(accessed: 15.09.2020)"
}

@online{android,
	Title = {Android Accessibility Help},
	Publisher = {Google},
	Year = {2020},
	Url = {https://support.google.com/accessibility/android/answer/6006598?hl=en&ref_topic=3529932},
	addendum = "(accessed: 19.09.2020)"
	}

@online{dda1992,
	Title = {Disability Discrimination Act 1992, Compilation No. 33},
	Publisher = {Australian Government},
	Month = {4},
	Year = {2018},
	Url = {https://www.legislation.gov.au/Details/C2018C00125},
	addendum = "(accessed: 19.09.2020)"
	}

@online{ausstats,
  	Title = {People with disability in Australia 2020: in brief,},
	Publisher = {Australian Institute of Health and Welfare (AIHW)},
	Month = {10},
	Year = {2020},
	Url = {https://www.aihw.gov.au/reports/disability/people-with-disability-in-australia-2020-in-brief/contents/about-people-with-disability-in-australia-2020-in-brief},
	addendum = "(accessed: 26.10.2020)"
}

@article{computerinterface,
  title={Maximizing Usability: The Principles of Universal Design, Assistive Technology},
  author={Newel, A.F. and Gregor, P.},
  journal={Handbook of Human-Computer Interaction},
  publisher={Elsevier Science and Technology},
  pages={813-824},
  year={1997},
}

@misc{accessiblecontroller,
url={https://www.microsoft.com/en-au/p/xbox-adaptive-controller/8nsdbhz1n3d8},
year={2020},
author={Microsoft},
title={Xbox Adaptive Controller}
}

@misc{standardcontroller,
url={https://www.microsoft.com/en-au/p/xbox-wireless-controller-white/8t2d538wc7mn?icid=PDP_MF1_ControllerWhite_100819_en_AU&activetab=pivot%3aoverviewtab},
year={2020},
author={Microsoft},
title={Xbox Wireless Controller - White}
}

@misc{adaptive,
url={https://www.xbox.com/en-AU/accessories/controllers/xbox-adaptive-controller},
year={2020},
author={Microsoft},
title={Xbox Adaptive Controller}
}

@online{disabilitygaming,
	Author = {Armstrong, S.},
	Title = {Here's how the Xbox Adaptive Controller is getting people with disabilities back into gaming},
	Publisher = {Wired},
	Month = {9},
	Year = {2018},
	Url = {https://www.wired.co.uk/article/microsoft-xbox-adaptive-controller},
	addendum = "(accessed: 30.10.2020)"
}

@online{ablegamer,
	Title = {Xbox Adaptive Controller - The Evolution of Accessibility},
	Publisher = {AbleGamers Charity},
	Year = {2018},
	Url = {https://ablegamers.org/xbox-adaptive-controller-the-evolution-of-accessibility/},
	addendum = "(accessed: 30.10.2020)"
}

@article{obsolescence,
  title={An economic theory of planned obsolescence},
  author={Bulow, J.},
  journal={Quarterly Journal of Economics},
  pages={101(4), 729-749},
  year={1986},
}

@article{obsolescence2,
  title={A new perspective on planned obsolescence},
  author={Waldman, M},
  journal={The Quarterly Journal of Economics},
  pages={108(1), 273-283},
  year={1993},
}

@online{freedoms,
	Author = {Gardner-Stephens, P.},
	Title = {Creating Resilient and Sustainable Mobile Phones},
	Publisher = {Fahrplan Events Germany},
	Month = {4},
	Year = {2019},
	Url = {https://media.ccc.de/v/36c3-10800-creating_resilient_and_sustainable_mobile_phones},
	addendum = "(accessed: 04.11.2020)"
	}

@article{accessiblebackup1,
  title={Emerging Market},
  author={Wylde, M.},
  journal={International Conferences of Aging, Disability and Independence (ICADI)},
  year={2008},
}

@article{accessiblebackup2,
  title={In Her Terms: Communicating Universal Design Home Features to the Boomer Woman},
  author={Bright, D.V.},
  journal={International Conferences of Aging, Disability and Independence (ICADI)},
  year={2008},
}

@article{capability,
  title={Capacity Maintenance During Global Disruptions: Security, resilience and incentives matter},
  author={Gardner-Stephen, P. and Nabben K.},
  journal={To appear in the preceedings of the 2020 IEEE Global Humanitarian Technology Conference (IEEE GHTC)},
  year={2020},
}

@online{sony,
	Title = {Empowering All Abilities of Gamers},
	Publisher = {Sony Interactive Entertainment},
	Month = {10},
	Year = {2020},
	Url = {https://www.sie.com/en/blog/empowering-all-abilities-of-gamers/},
	addendum = "(accessed: 11.24.2020)"
}

@online{novita,
	Title = {Novita - Disability Services and Care Organisations},
	Year = {2020},
	Url = {https://www.novita.org.au/},
	addendum = "(accessed: 31.10.2020)"
}

@online{precursor,
	Title = {Precursor Mobile, Open Hardware, RISC-V System-on-Chip (SOC) Development Kit},
	Author = {Sutajio Kosagi},
	Month = {11},
	Year = {2020},
	Url = {https://www.crowdsupply.com/sutajio-kosagi/precursor},
	addendum = "(accessed: 11.27.2020)"
}

@online{nintendoswitch,
	Title = {Nintendo Switch},
	Year = {2020},
	Url = {https://www.nintendo.com.au/nintendo-switch/},
	addendum = "(accessed: 12.10.2020)"
}

@online{nova,
	Title = {Shenzen NOVA Energy Co., Ltd},
	Year = {2020},
	Url = {www.nova-battery.com},
	addendum = "(accessed: 14.10.2020)"
}

@online{am5412,
	Title = {AM-5412CAR, Mouser Electronics.},
	Year = {2020},
	Url = {https://au.mouser.com/ProductDetail/Panasonic-Battery/AM-5412CAR?qs=79dOc3%2F91%2Ffye9jVGVG7AQ%3D%3D},
	addendum = "(accessed: 15.11.2020)"
}

@online{SM301K09L,
	Title = {SM301K09L, Digi-Key Electronics.},
	Year = {2020},
	Url = {https://www.digikey.com/en/products/detail/anysolar-ltd/SM301K09L/9990441},
	addendum = "(accessed: 15.11.2020)"
}

@online{SM111K09L,
	Title = {SM111K09L, Digi-Key Electronics.},
	Year = {2020},
	Url = {https://www.digikey.com/en/products/detail/anysolar-ltd/SM111K09L/9990438},
	addendum = "(accessed: 15.11.2020)"
}

@online{SM101K12L,
	Title = {SM101K12L, Digi-Key Electronics.},
	Year = {2020},
	Url = {https://www.digikey.com/en/products/detail/anysolar-ltd/SM101K12L/9990476},
	addendum = "(accessed: 15.11.2020)"
}

@online{mp3,
	Title = {MP3-25, Mouser Electronics.},
	Year = {2020},
	Url = {https://au.mouser.com/ProductDetail/PowerFilm/MP3-25?qs=BJlw7L4Cy7%2FCyBhFs7K1NA%3D%3D},
	addendum = "(accessed: 15.11.2020)"
}

@online{mpt,
	Title = {MPT4.8-150, Mouser Electronics.},
	Year = {2020},
	Url = {https://au.mouser.com/ProductDetail/PowerFilm/MPT48-150?qs=BJlw7L4Cy7%2Fi15Fh71zsvA%3D%3D},
	addendum = "(accessed: 15.11.2020)"
}

@online{am8801,
	Title = {AM-8801CAR, Mouser Electronics.},
	Year = {2020},
	Url = {https://au.mouser.com/ProductDetail/Panasonic-Battery/AM-8801CAR?qs=79dOc3%2F91%2Fe9iihw2rl%2F0Q%3D%3D},
	addendum = "(accessed: 15.11.2020)"
}

@online{blind,
	Title = {Kristy Viers - Twitter},
	Year = {2020},
	Url = {https://twitter.com/Kristy_Viers/status/1287189581926981634},
	addendum = "(accessed: 20.11.2020)"
}

@article{fpga,
  title={Performance comparison of FPGA, GPU and CPU in image processing.},
  author={Asano, S. and Maruyama, T. and Yamaguchi, Y.},
  journal={international conference on field programmable logic and applications},
  Publisher = {IEEE},
  pages={126-131},
  year={2009},
}

@online{braille,
	Title = {A new keyboard for typing braille on Android},
	Author = {Kemler, B.},
	Year = {2020},
	Url = {https://www.blog.google/products/android/braille-keyboard/},
	addendum = "(accessed: 16.11.2020)"
}

@article{supply,
  title={Building the resilient supply chain.},
  author={Christopher, M. and Peck, H.},
  journal={International Journal of Logistics Management},
  pages={15(2), 1â€“14.},
  year={2004},
}

@online{serval,
	Title = {Serval Mesh Project},
	Year = {2020},
	Url = {https://servalproject.org/},
	addendum = "(accessed: 26.11.2020)"
}

@online{hugh,
	Title = {iPhone 12 Anti Repair Design - Teardown and Repair Assessment},
	Author = {Hugh Jeffreys},
	Year = {2020},
	Url = {https://www.youtube.com/watch?v=FY7DtKMBxBw},
	addendum = "(accessed: 28.11.2020)"
}

@online{jerry,
	Title = {iPhone 12 Pro Teardown - Where are the Magnets?!},
	Author = {JerryRigEverything},
	Year = {2020},
	Url = {https://www.youtube.com/watch?v=jaMHXe7Eqgs},
	addendum = "(accessed: 20.11.2020)"
}

@online{insert,
	Title = {Knurled Press Insert, Flush, Brass, M3 x 0.5 Internal Thread Size, 3/16 in Length, 5/32 in},
	Author = {Grainger},
	Year = {2020},
	Url = {https://www.grainger.com/product/GRAINGER-APPROVED-Knurled-Press-Insert-4ZU25},
	addendum = "(accessed: 12.10.2020)"
}

